@INPROCEEDINGS{mooremaxwell,
author={Camposano, R. and Gope, D. and Grivet-Talocia, S. and Jandhyala, V.},
booktitle={Design, Automation Test in Europe Conference Exhibition (DATE), 2012},
title={Moore meets maxwell},
year={2012},
pages={1275-1276},
keywords={Maxwell equations;circuit simulation;high-speed integrated circuits;integrated circuit design;multiprocessing systems;CPU;Maxwell solvers;Maxwell's equations;Moore's Law;circuit simulation;computing hardware design;field solvers;high-speed computing;inductance;light effects velocity;material resonances;multicore computing;phase shifts;semiconductor revolution;system-level simulation;Cloud computing;Computational modeling;Electromagnetics;Integrated circuit modeling;Multicore processing;Parallel processing;Scalability},
doi={10.1109/DATE.2012.6176688},
ISSN={1530-1591},}

@INPROCEEDINGS{reconfigurable_patterns,
author={DeHon, A. and Adams, J. and deLorimier, M. and Kapre, N. and Matsuda, Y. and Naeimi, H. and Vanier, M. and Wrighton, M.},
booktitle={Field-Programmable Custom Computing Machines, 2004. FCCM 2004. 12th Annual IEEE Symposium on},
title={Design patterns for reconfigurable computing},
year={2004},
pages={13-23},
keywords={hardware-software codesign;reconfigurable architectures;reviews;canonical solutions;catalog design patterns;design community;hardware-software codesign;reconfigurable computing;reconfigurable design;reconfigurable systems;Application software;Buildings;Computer science;Costs;Crystallization;Delay;Field programmable gate arrays;Process design;Programming profession;Reconfigurable architectures},
doi={10.1109/FCCM.2004.29},}

@book{tarver2013book,
  title={The Book of Shen},
  author={Tarver, M.},
  isbn={9781780355696},
  url={http://books.google.com.ua/books?id=0pPSmAEACAAJ},
  year={2013},
  publisher={Upfront Publishing Limited}
}

@BOOK{maltsevalgebra,
  author        = {A.I. Maltsev},
  title         = {Algorithms and recursive functions},
  publisher     = {Wolters-Noordhoff Pub. Co.},
  year          = {1972}
}

@ARTICLE{redko,
  author = {V.N. Redko},
  title = {Osnovaniia kompositsyonnogo programmirovaniya [Compositional programming basics]},
  journal = {Programmirovanie [Programming]},
  year = {1979},
  pages = {3-13},
  volume = {4}
}